%YAML 1.1
%TAG !u! tag:unity3d.com,2011:
--- !u!1 &4943756938480789048
GameObject:
  m_ObjectHideFlags: 0
  m_CorrespondingSourceObject: {fileID: 0}
  m_PrefabInstance: {fileID: 0}
  m_PrefabAsset: {fileID: 0}
  serializedVersion: 6
  m_Component:
  - component: {fileID: 4943756938480789049}
  - component: {fileID: 4943756938480789044}
  - component: {fileID: 4943756938480789047}
  - component: {fileID: 4943756938480789046}
  - component: {fileID: 4943756938480789045}
  m_Layer: 10
  m_Name: Parking Space_0
  m_TagString: EndPoint
  m_Icon: {fileID: 0}
  m_NavMeshLayer: 0
  m_StaticEditorFlags: 0
  m_IsActive: 1
--- !u!4 &4943756938480789049
Transform:
  m_ObjectHideFlags: 0
  m_CorrespondingSourceObject: {fileID: 0}
  m_PrefabInstance: {fileID: 0}
  m_PrefabAsset: {fileID: 0}
  m_GameObject: {fileID: 4943756938480789048}
  m_LocalRotation: {x: -0, y: 1, z: -0, w: 0}
  m_LocalPosition: {x: 1.038, y: 0.002, z: 0.038}
  m_LocalScale: {x: 0.064670086, y: 0.064670086, z: 0.064670086}
  m_Children: []
  m_Father: {fileID: 4943756939513273003}
  m_RootOrder: 1
  m_LocalEulerAnglesHint: {x: 0, y: 180, z: 0}
--- !u!33 &4943756938480789044
MeshFilter:
  m_ObjectHideFlags: 0
  m_CorrespondingSourceObject: {fileID: 0}
  m_PrefabInstance: {fileID: 0}
  m_PrefabAsset: {fileID: 0}
  m_GameObject: {fileID: 4943756938480789048}
  m_Mesh: {fileID: 10209, guid: 0000000000000000e000000000000000, type: 0}
--- !u!23 &4943756938480789047
MeshRenderer:
  m_ObjectHideFlags: 0
  m_CorrespondingSourceObject: {fileID: 0}
  m_PrefabInstance: {fileID: 0}
  m_PrefabAsset: {fileID: 0}
  m_GameObject: {fileID: 4943756938480789048}
  m_Enabled: 1
  m_CastShadows: 1
  m_ReceiveShadows: 1
  m_DynamicOccludee: 1
  m_MotionVectors: 1
  m_LightProbeUsage: 1
  m_ReflectionProbeUsage: 1
  m_RayTracingMode: 2
  m_RayTraceProcedural: 0
  m_RenderingLayerMask: 1
  m_RendererPriority: 0
  m_Materials:
  - {fileID: 2100000, guid: 4c6b7f927b9a7d0418a5884eb018fdcd, type: 2}
  m_StaticBatchInfo:
    firstSubMesh: 0
    subMeshCount: 0
  m_StaticBatchRoot: {fileID: 0}
  m_ProbeAnchor: {fileID: 0}
  m_LightProbeVolumeOverride: {fileID: 0}
  m_ScaleInLightmap: 1
  m_ReceiveGI: 1
  m_PreserveUVs: 0
  m_IgnoreNormalsForChartDetection: 0
  m_ImportantGI: 0
  m_StitchLightmapSeams: 1
  m_SelectedEditorRenderState: 3
  m_MinimumChartSize: 4
  m_AutoUVMaxDistance: 0.5
  m_AutoUVMaxAngle: 89
  m_LightmapParameters: {fileID: 0}
  m_SortingLayerID: 0
  m_SortingLayer: 0
  m_SortingOrder: 0
  m_AdditionalVertexStreams: {fileID: 0}
--- !u!114 &4943756938480789046
MonoBehaviour:
  m_ObjectHideFlags: 0
  m_CorrespondingSourceObject: {fileID: 0}
  m_PrefabInstance: {fileID: 0}
  m_PrefabAsset: {fileID: 0}
  m_GameObject: {fileID: 4943756938480789048}
  m_Enabled: 1
  m_EditorHideFlags: 0
  m_Script: {fileID: 11500000, guid: 633661f986f1f8a4caaffb97851fafce, type: 3}
  m_Name: 
  m_EditorClassIdentifier: 
  _wayData: {fileID: 11400000, guid: cbfe2e3eb7e6f0b45b22204a11c112e1, type: 2}
--- !u!65 &4943756938480789045
BoxCollider:
  m_ObjectHideFlags: 0
  m_CorrespondingSourceObject: {fileID: 0}
  m_PrefabInstance: {fileID: 0}
  m_PrefabAsset: {fileID: 0}
  m_GameObject: {fileID: 4943756938480789048}
  m_Material: {fileID: 0}
  m_IsTrigger: 1
  m_Enabled: 1
  serializedVersion: 2
  m_Size: {x: 10, y: 0.5, z: 10}
  m_Center: {x: 0, y: 0.25, z: 0}
--- !u!1 &4943756939240145594
GameObject:
  m_ObjectHideFlags: 0
  m_CorrespondingSourceObject: {fileID: 0}
  m_PrefabInstance: {fileID: 0}
  m_PrefabAsset: {fileID: 0}
  serializedVersion: 6
  m_Component:
  - component: {fileID: 4943756939240145595}
  m_Layer: 0
  m_Name: Stars
  m_TagString: Untagged
  m_Icon: {fileID: 0}
  m_NavMeshLayer: 0
  m_StaticEditorFlags: 0
  m_IsActive: 1
--- !u!4 &4943756939240145595
Transform:
  m_ObjectHideFlags: 0
  m_CorrespondingSourceObject: {fileID: 0}
  m_PrefabInstance: {fileID: 0}
  m_PrefabAsset: {fileID: 0}
  m_GameObject: {fileID: 4943756939240145594}
  m_LocalRotation: {x: 0, y: 0, z: 0, w: 1}
  m_LocalPosition: {x: 0, y: 0, z: 0}
  m_LocalScale: {x: 1, y: 1, z: 1}
  m_Children:
  - {fileID: 4943756940179851074}
  m_Father: {fileID: 4943756939513273003}
  m_RootOrder: 4
  m_LocalEulerAnglesHint: {x: 0, y: 0, z: 0}
--- !u!1 &4943756939513273002
GameObject:
  m_ObjectHideFlags: 0
  m_CorrespondingSourceObject: {fileID: 0}
  m_PrefabInstance: {fileID: 0}
  m_PrefabAsset: {fileID: 0}
  serializedVersion: 6
  m_Component:
  - component: {fileID: 4943756939513273003}
  m_Layer: 0
  m_Name: Way_0
  m_TagString: Untagged
  m_Icon: {fileID: 0}
  m_NavMeshLayer: 0
  m_StaticEditorFlags: 0
  m_IsActive: 1
--- !u!4 &4943756939513273003
Transform:
  m_ObjectHideFlags: 0
  m_CorrespondingSourceObject: {fileID: 0}
  m_PrefabInstance: {fileID: 0}
  m_PrefabAsset: {fileID: 0}
  m_GameObject: {fileID: 4943756939513273002}
  m_LocalRotation: {x: 0, y: 0, z: 0, w: 1}
  m_LocalPosition: {x: 0, y: 0, z: 0}
  m_LocalScale: {x: 1, y: 1, z: 1}
  m_Children:
  - {fileID: 5621116904102230522}
  - {fileID: 4943756938480789049}
  - {fileID: 4943756940202554787}
  - {fileID: 4943756938877976865}
  - {fileID: 4943756939240145595}
  m_Father: {fileID: 0}
  m_RootOrder: 0
  m_LocalEulerAnglesHint: {x: 0, y: 0, z: 0}
--- !u!135 &4943756940180020064
SphereCollider:
  m_ObjectHideFlags: 0
  m_CorrespondingSourceObject: {fileID: 0}
  m_PrefabInstance: {fileID: 0}
  m_PrefabAsset: {fileID: 0}
  m_GameObject: {fileID: 4943756940180020066}
  m_Material: {fileID: 0}
  m_IsTrigger: 1
  m_Enabled: 1
  serializedVersion: 2
  m_Radius: 1.2
  m_Center: {x: -0.00000023841856, y: -0.0004177654, z: 0.04}
--- !u!114 &4943756940180020067
MonoBehaviour:
  m_ObjectHideFlags: 0
  m_CorrespondingSourceObject: {fileID: 0}
  m_PrefabInstance: {fileID: 0}
  m_PrefabAsset: {fileID: 0}
  m_GameObject: {fileID: 4943756940180020066}
  m_Enabled: 1
  m_EditorHideFlags: 0
  m_Script: {fileID: 11500000, guid: f393735c3f63f0b4aaa302ea8b983b65, type: 3}
  m_Name: 
  m_EditorClassIdentifier: 
  _wayData: {fileID: 11400000, guid: cbfe2e3eb7e6f0b45b22204a11c112e1, type: 2}
--- !u!1 &4943756940202554786
GameObject:
  m_ObjectHideFlags: 0
  m_CorrespondingSourceObject: {fileID: 0}
  m_PrefabInstance: {fileID: 0}
  m_PrefabAsset: {fileID: 0}
  serializedVersion: 6
  m_Component:
  - component: {fileID: 4943756940202554787}
  - component: {fileID: 4943756940202554785}
  - component: {fileID: 4943756940202554784}
  - component: {fileID: 4943756940202554814}
  - component: {fileID: 4943756940202554815}
  m_Layer: 10
  m_Name: Start Position_0
  m_TagString: BeginPoint
  m_Icon: {fileID: 0}
  m_NavMeshLayer: 0
  m_StaticEditorFlags: 0
  m_IsActive: 1
--- !u!4 &4943756940202554787
Transform:
  m_ObjectHideFlags: 0
  m_CorrespondingSourceObject: {fileID: 0}
  m_PrefabInstance: {fileID: 0}
  m_PrefabAsset: {fileID: 0}
  m_GameObject: {fileID: 4943756940202554786}
  m_LocalRotation: {x: -0, y: 1, z: -0, w: 0}
  m_LocalPosition: {x: -1.18, y: 0.002, z: -3.45}
  m_LocalScale: {x: 0.064670086, y: 0.064670086, z: 0.064670086}
  m_Children: []
  m_Father: {fileID: 4943756939513273003}
  m_RootOrder: 2
  m_LocalEulerAnglesHint: {x: 0, y: 180, z: 0}
--- !u!33 &4943756940202554785
MeshFilter:
  m_ObjectHideFlags: 0
  m_CorrespondingSourceObject: {fileID: 0}
  m_PrefabInstance: {fileID: 0}
  m_PrefabAsset: {fileID: 0}
  m_GameObject: {fileID: 4943756940202554786}
  m_Mesh: {fileID: 10209, guid: 0000000000000000e000000000000000, type: 0}
--- !u!23 &4943756940202554784
MeshRenderer:
  m_ObjectHideFlags: 0
  m_CorrespondingSourceObject: {fileID: 0}
  m_PrefabInstance: {fileID: 0}
  m_PrefabAsset: {fileID: 0}
  m_GameObject: {fileID: 4943756940202554786}
  m_Enabled: 1
  m_CastShadows: 1
  m_ReceiveShadows: 1
  m_DynamicOccludee: 1
  m_MotionVectors: 1
  m_LightProbeUsage: 1
  m_ReflectionProbeUsage: 1
  m_RayTracingMode: 2
  m_RayTraceProcedural: 0
  m_RenderingLayerMask: 1
  m_RendererPriority: 0
  m_Materials:
  - {fileID: 2100000, guid: 735ecfb53c59f854eb3709cd6ea1de04, type: 2}
  m_StaticBatchInfo:
    firstSubMesh: 0
    subMeshCount: 0
  m_StaticBatchRoot: {fileID: 0}
  m_ProbeAnchor: {fileID: 0}
  m_LightProbeVolumeOverride: {fileID: 0}
  m_ScaleInLightmap: 1
  m_ReceiveGI: 1
  m_PreserveUVs: 0
  m_IgnoreNormalsForChartDetection: 0
  m_ImportantGI: 0
  m_StitchLightmapSeams: 1
  m_SelectedEditorRenderState: 3
  m_MinimumChartSize: 4
  m_AutoUVMaxDistance: 0.5
  m_AutoUVMaxAngle: 89
  m_LightmapParameters: {fileID: 0}
  m_SortingLayerID: 0
  m_SortingLayer: 0
  m_SortingOrder: 0
  m_AdditionalVertexStreams: {fileID: 0}
--- !u!114 &4943756940202554814
MonoBehaviour:
  m_ObjectHideFlags: 0
  m_CorrespondingSourceObject: {fileID: 0}
  m_PrefabInstance: {fileID: 0}
  m_PrefabAsset: {fileID: 0}
  m_GameObject: {fileID: 4943756940202554786}
  m_Enabled: 1
  m_EditorHideFlags: 0
  m_Script: {fileID: 11500000, guid: 5fc7a933789b7c24e943f63258595d7f, type: 3}
  m_Name: 
  m_EditorClassIdentifier: 
  _wayData: {fileID: 11400000, guid: cbfe2e3eb7e6f0b45b22204a11c112e1, type: 2}
--- !u!65 &4943756940202554815
BoxCollider:
  m_ObjectHideFlags: 0
  m_CorrespondingSourceObject: {fileID: 0}
  m_PrefabInstance: {fileID: 0}
  m_PrefabAsset: {fileID: 0}
  m_GameObject: {fileID: 4943756940202554786}
  m_Material: {fileID: 0}
  m_IsTrigger: 1
  m_Enabled: 1
  serializedVersion: 2
  m_Size: {x: 10, y: 1, z: 10}
  m_Center: {x: 0, y: 0.5, z: 0}
--- !u!1001 &4768154908612222667
PrefabInstance:
  m_ObjectHideFlags: 0
  serializedVersion: 2
  m_Modification:
    m_TransformParent: {fileID: 4943756939240145595}
    m_Modifications:
    - target: {fileID: 481923772330313129, guid: 10eecc6fbabf4d04699fc99c5c375018, type: 3}
      propertyPath: m_Name
      value: SoftStar (0)
      objectReference: {fileID: 0}
    - target: {fileID: 481923772330313129, guid: 10eecc6fbabf4d04699fc99c5c375018, type: 3}
      propertyPath: m_Layer
      value: 8
      objectReference: {fileID: 0}
    - target: {fileID: 481923772330345227, guid: 10eecc6fbabf4d04699fc99c5c375018, type: 3}
      propertyPath: rotationAngle.y
      value: 5
      objectReference: {fileID: 0}
    - target: {fileID: 481923772330744201, guid: 10eecc6fbabf4d04699fc99c5c375018, type: 3}
      propertyPath: m_LocalPosition.x
      value: -1.0036575
      objectReference: {fileID: 0}
    - target: {fileID: 481923772330744201, guid: 10eecc6fbabf4d04699fc99c5c375018, type: 3}
      propertyPath: m_LocalPosition.y
      value: 0.38390595
      objectReference: {fileID: 0}
    - target: {fileID: 481923772330744201, guid: 10eecc6fbabf4d04699fc99c5c375018, type: 3}
      propertyPath: m_LocalPosition.z
      value: -0.008491423
      objectReference: {fileID: 0}
    - target: {fileID: 481923772330744201, guid: 10eecc6fbabf4d04699fc99c5c375018, type: 3}
      propertyPath: m_LocalRotation.x
      value: 0.03826956
      objectReference: {fileID: 0}
    - target: {fileID: 481923772330744201, guid: 10eecc6fbabf4d04699fc99c5c375018, type: 3}
      propertyPath: m_LocalRotation.y
      value: -0.35655752
      objectReference: {fileID: 0}
    - target: {fileID: 481923772330744201, guid: 10eecc6fbabf4d04699fc99c5c375018, type: 3}
      propertyPath: m_LocalRotation.z
      value: -0.25984251
      objectReference: {fileID: 0}
    - target: {fileID: 481923772330744201, guid: 10eecc6fbabf4d04699fc99c5c375018, type: 3}
      propertyPath: m_LocalRotation.w
      value: -0.8965959
      objectReference: {fileID: 0}
    - target: {fileID: 481923772330744201, guid: 10eecc6fbabf4d04699fc99c5c375018, type: 3}
      propertyPath: m_RootOrder
      value: 0
      objectReference: {fileID: 0}
    - target: {fileID: 481923772330744201, guid: 10eecc6fbabf4d04699fc99c5c375018, type: 3}
      propertyPath: m_LocalEulerAnglesHint.x
      value: 345.29
      objectReference: {fileID: 0}
    - target: {fileID: 481923772330744201, guid: 10eecc6fbabf4d04699fc99c5c375018, type: 3}
      propertyPath: m_LocalEulerAnglesHint.y
      value: 39.828
      objectReference: {fileID: 0}
    - target: {fileID: 481923772330744201, guid: 10eecc6fbabf4d04699fc99c5c375018, type: 3}
      propertyPath: m_LocalEulerAnglesHint.z
      value: 26.97
      objectReference: {fileID: 0}
    - target: {fileID: 481923772330744201, guid: 10eecc6fbabf4d04699fc99c5c375018, type: 3}
      propertyPath: m_LocalScale.x
      value: 0.14638773
      objectReference: {fileID: 0}
    - target: {fileID: 481923772330744201, guid: 10eecc6fbabf4d04699fc99c5c375018, type: 3}
      propertyPath: m_LocalScale.y
      value: 0.14638773
      objectReference: {fileID: 0}
    - target: {fileID: 481923772330744201, guid: 10eecc6fbabf4d04699fc99c5c375018, type: 3}
      propertyPath: m_LocalScale.z
      value: 0.14638774
      objectReference: {fileID: 0}
    - target: {fileID: 481923772332514153, guid: 10eecc6fbabf4d04699fc99c5c375018, type: 3}
      propertyPath: m_Materials.Array.data[0]
      value: 
      objectReference: {fileID: 2100000, guid: f365dd397965f724eb83b4629eab9c80, type: 2}
    m_RemovedComponents: []
  m_SourcePrefab: {fileID: 100100000, guid: 10eecc6fbabf4d04699fc99c5c375018, type: 3}
--- !u!1 &4943756940180020066 stripped
GameObject:
  m_CorrespondingSourceObject: {fileID: 481923772330313129, guid: 10eecc6fbabf4d04699fc99c5c375018, type: 3}
  m_PrefabInstance: {fileID: 4768154908612222667}
  m_PrefabAsset: {fileID: 0}
--- !u!4 &4943756940179851074 stripped
Transform:
  m_CorrespondingSourceObject: {fileID: 481923772330744201, guid: 10eecc6fbabf4d04699fc99c5c375018, type: 3}
  m_PrefabInstance: {fileID: 4768154908612222667}
  m_PrefabAsset: {fileID: 0}
--- !u!1001 &4943756939194790202
PrefabInstance:
  m_ObjectHideFlags: 0
  serializedVersion: 2
  m_Modification:
    m_TransformParent: {fileID: 4943756939513273003}
    m_Modifications:
    - target: {fileID: 892835554, guid: 8ccb09998d91e17469c16cbd13da41fb, type: 3}
      propertyPath: m_Center.y
      value: 0
      objectReference: {fileID: 0}
    - target: {fileID: 892835554, guid: 8ccb09998d91e17469c16cbd13da41fb, type: 3}
      propertyPath: m_Size.y
      value: 0.49
      objectReference: {fileID: 0}
    - target: {fileID: 763915067776764096, guid: 8ccb09998d91e17469c16cbd13da41fb, type: 3}
      propertyPath: m_LocalPosition.x
      value: -1.201
      objectReference: {fileID: 0}
    - target: {fileID: 763915067776764096, guid: 8ccb09998d91e17469c16cbd13da41fb, type: 3}
      propertyPath: m_LocalPosition.y
      value: 0.14
      objectReference: {fileID: 0}
    - target: {fileID: 763915067776764096, guid: 8ccb09998d91e17469c16cbd13da41fb, type: 3}
      propertyPath: m_LocalPosition.z
      value: -3.438629
      objectReference: {fileID: 0}
    - target: {fileID: 763915067776764096, guid: 8ccb09998d91e17469c16cbd13da41fb, type: 3}
      propertyPath: m_LocalRotation.x
      value: -0
      objectReference: {fileID: 0}
    - target: {fileID: 763915067776764096, guid: 8ccb09998d91e17469c16cbd13da41fb, type: 3}
      propertyPath: m_LocalRotation.y
      value: -0
      objectReference: {fileID: 0}
    - target: {fileID: 763915067776764096, guid: 8ccb09998d91e17469c16cbd13da41fb, type: 3}
      propertyPath: m_LocalRotation.z
      value: -0
      objectReference: {fileID: 0}
    - target: {fileID: 763915067776764096, guid: 8ccb09998d91e17469c16cbd13da41fb, type: 3}
      propertyPath: m_LocalRotation.w
      value: 1
      objectReference: {fileID: 0}
    - target: {fileID: 763915067776764096, guid: 8ccb09998d91e17469c16cbd13da41fb, type: 3}
      propertyPath: m_RootOrder
      value: 0
      objectReference: {fileID: 0}
    - target: {fileID: 763915067776764096, guid: 8ccb09998d91e17469c16cbd13da41fb, type: 3}
      propertyPath: m_LocalEulerAnglesHint.x
      value: 0
      objectReference: {fileID: 0}
    - target: {fileID: 763915067776764096, guid: 8ccb09998d91e17469c16cbd13da41fb, type: 3}
      propertyPath: m_LocalEulerAnglesHint.y
      value: 0
      objectReference: {fileID: 0}
    - target: {fileID: 763915067776764096, guid: 8ccb09998d91e17469c16cbd13da41fb, type: 3}
      propertyPath: m_LocalEulerAnglesHint.z
      value: 0
      objectReference: {fileID: 0}
    - target: {fileID: 4378239273035496147, guid: 8ccb09998d91e17469c16cbd13da41fb, type: 3}
      propertyPath: m_Name
      value: basic car red_0
      objectReference: {fileID: 0}
    m_RemovedComponents: []
  m_SourcePrefab: {fileID: 100100000, guid: 8ccb09998d91e17469c16cbd13da41fb, type: 3}
--- !u!4 &5621116904102230522 stripped
Transform:
  m_CorrespondingSourceObject: {fileID: 763915067776764096, guid: 8ccb09998d91e17469c16cbd13da41fb, type: 3}
  m_PrefabInstance: {fileID: 4943756939194790202}
  m_PrefabAsset: {fileID: 0}
--- !u!1001 &6950530410330713129
PrefabInstance:
  m_ObjectHideFlags: 0
  serializedVersion: 2
  m_Modification:
    m_TransformParent: {fileID: 4943756939513273003}
    m_Modifications:
    - target: {fileID: 2661343890627243272, guid: f4a7a781fd02d534e9997e36ce561c4d, type: 3}
      propertyPath: m_LocalPosition.x
      value: 0
      objectReference: {fileID: 0}
    - target: {fileID: 2661343890627243272, guid: f4a7a781fd02d534e9997e36ce561c4d, type: 3}
      propertyPath: m_LocalPosition.y
      value: 0
      objectReference: {fileID: 0}
    - target: {fileID: 2661343890627243272, guid: f4a7a781fd02d534e9997e36ce561c4d, type: 3}
      propertyPath: m_LocalPosition.z
      value: 0
      objectReference: {fileID: 0}
    - target: {fileID: 2661343890627243272, guid: f4a7a781fd02d534e9997e36ce561c4d, type: 3}
      propertyPath: m_LocalRotation.x
      value: 0.7071068
      objectReference: {fileID: 0}
    - target: {fileID: 2661343890627243272, guid: f4a7a781fd02d534e9997e36ce561c4d, type: 3}
      propertyPath: m_LocalRotation.y
      value: 0
      objectReference: {fileID: 0}
    - target: {fileID: 2661343890627243272, guid: f4a7a781fd02d534e9997e36ce561c4d, type: 3}
      propertyPath: m_LocalRotation.z
      value: 0
      objectReference: {fileID: 0}
    - target: {fileID: 2661343890627243272, guid: f4a7a781fd02d534e9997e36ce561c4d, type: 3}
      propertyPath: m_LocalRotation.w
      value: 0.7071068
      objectReference: {fileID: 0}
    - target: {fileID: 2661343890627243272, guid: f4a7a781fd02d534e9997e36ce561c4d, type: 3}
      propertyPath: m_RootOrder
      value: 3
      objectReference: {fileID: 0}
    - target: {fileID: 2661343890627243272, guid: f4a7a781fd02d534e9997e36ce561c4d, type: 3}
      propertyPath: m_LocalEulerAnglesHint.x
      value: 90
      objectReference: {fileID: 0}
    - target: {fileID: 2661343890627243272, guid: f4a7a781fd02d534e9997e36ce561c4d, type: 3}
      propertyPath: m_LocalEulerAnglesHint.y
      value: 0
      objectReference: {fileID: 0}
    - target: {fileID: 2661343890627243272, guid: f4a7a781fd02d534e9997e36ce561c4d, type: 3}
      propertyPath: m_LocalEulerAnglesHint.z
      value: 0
      objectReference: {fileID: 0}
    - target: {fileID: 2661343890627243273, guid: f4a7a781fd02d534e9997e36ce561c4d, type: 3}
      propertyPath: m_Name
      value: Line_0
      objectReference: {fileID: 0}
    - target: {fileID: 2661343890627243286, guid: f4a7a781fd02d534e9997e36ce561c4d, type: 3}
      propertyPath: wayData
      value: 
      objectReference: {fileID: 11400000, guid: cbfe2e3eb7e6f0b45b22204a11c112e1, type: 2}
    - target: {fileID: 2661343890627243286, guid: f4a7a781fd02d534e9997e36ce561c4d, type: 3}
      propertyPath: _wayData
      value: 
      objectReference: {fileID: 11400000, guid: cbfe2e3eb7e6f0b45b22204a11c112e1, type: 2}
    m_RemovedComponents: []
  m_SourcePrefab: {fileID: 100100000, guid: f4a7a781fd02d534e9997e36ce561c4d, type: 3}
--- !u!4 &4943756938877976865 stripped
Transform:
  m_CorrespondingSourceObject: {fileID: 2661343890627243272, guid: f4a7a781fd02d534e9997e36ce561c4d, type: 3}
  m_PrefabInstance: {fileID: 6950530410330713129}
  m_PrefabAsset: {fileID: 0}
